<?xml version="1.0" encoding="UTF-8"?><collection xmlns="http://www.loc.gov/MARC21/slim"><record><leader>00591nam--2200181-i-4500</leader><controlfield tag="001">000034720</controlfield><controlfield tag="002">20161230</controlfield><controlfield tag="005">20170101235945</controlfield><controlfield tag="008">060222s1000------------r-----000-0-eng-d</controlfield><datafield ind1=" " ind2=" " tag="040"><subfield code="a">IFIN-HH</subfield></datafield><datafield ind1=" " ind2=" " tag="080"><subfield code="a">53.06:621.039.86(061.3)</subfield></datafield><datafield ind1="1" ind2=" " tag="100"><subfield code="a">Furlan, George</subfield></datafield><datafield ind1="1" ind2="0" tag="245"><subfield code="a">New paths in the use of nuclear techniques for art and archeology. Trieste, Italy, 30 September - 3 October 1985</subfield><subfield code="c">G. Furlan, P. Cassola Guida, C. Tuniz (eds.)</subfield></datafield><datafield ind1=" " ind2=" " tag="260"><subfield code="a">Singapore</subfield><subfield code="b">World Scientific</subfield><subfield code="c">1986</subfield></datafield><datafield ind1=" " ind2=" " tag="300"><subfield code="a">XIII+293P</subfield></datafield><datafield ind1="1" ind2=" " tag="700"><subfield code="a">Tuniz, C</subfield><subfield code="e">Ed</subfield></datafield><datafield ind1=" " ind2=" " tag="852"><subfield code="a">79073</subfield><subfield code="c">53.08</subfield></datafield><datafield ind1=" " ind2=" " tag="CAT"><subfield code="a">SYS</subfield><subfield code="c">20170101</subfield><subfield code="h">235945</subfield></datafield></record></collection>